@article{fernandez2015generalized,
  title={Generalized Robin--Neumann explicit coupling schemes for incompressible fluid-structure interaction: Stability analysis and numerics},
  author={Fern{\'a}ndez, Miguel A and Mullaert, Jimmy and Vidrascu, Marina},
  journal={International Journal for Numerical Methods in Engineering},
  volume={101},
  number={3},
  pages={199--229},
  year={2015},
  publisher={Wiley Online Library}
}